@misc{kindsNN,
    title=  "How many kinds of NNs exist?",
    howpublished  = "\url{ftp://ftp.sas.com/pub/neural/FAQ.html#A_kinds}",
    author="Warren S. Sarle and Cary",
    year= "2002"
}

